@article{cosmopower,
	doi = {10.1093/mnras/stac064},
	url = {https://doi.org/10.1093%2Fmnras%2Fstac064},
	year = 2022,
	month = jan,
	publisher = {Oxford University Press ({OUP})},
	volume = {511},
	number = {2},
	pages = {1771--1788},
	author = {Alessio Spurio~Mancini and Davide Piras and Justin Alsing and Benjamin Joachimi and Michael P Hobson},
	title = {CosmoPower: emulating cosmological power spectra for accelerated Bayesian inference from next-generation surveys},
	journal = {Monthly Notices of the Royal Astronomical Society}
}

@article{precision_ml,
	doi = {10.3390/e25010175},
	url = {https://doi.org/10.3390%2Fe25010175},
	year = 2023,
	month = jan,
	publisher = {{MDPI} {AG}},
	volume = {25},
	number = {1},
	pages = {175},
	author = {Eric J. Michaud and Ziming Liu and Max Tegmark},
	title = {Precision Machine Learning},
	journal = {Entropy}
}

@book{islp,
    title = {An Introduction to Statistical Learning: With Applications in Python},
    author = {Gareth James and Daniela Witten and Trevor Hastie and Robert Tibshirani and Jonathan Taylor},
    year = 2023,
    doi = {https://doi.org/10.1007/978-3-031-38747-0},
    url = {https://www.statlearning.com/},
    isbn = {978-3-031-38747-0},
    publisher = {Springer},
    series = {Springer Texts in Statistics}
}

@book{understanding_ml,
    title = {Understanding machine learning: from theory to algorithms},
    author = {Shai Shalev-Shwartz and Shai Ben-David},
    year = 2014,
    isbn = {1107057132},
    publisher = {Cambridge University Press},
    url = {http://www.cs.huji.ac.il/~shais/UnderstandingMachineLearning}
}

@article{likelihood_cmb,
	doi = {10.3389/fphy.2020.00015},
	url = {https://doi.org/10.3389%2Ffphy.2020.00015},
	year = 2020,
	month = feb,
	publisher = {Frontiers Media {SA}},
	volume = {8},
	author = {Martina Gerbino and Massimiliano Lattanzi and Marina Migliaccio and Luca Pagano and Laura Salvati and Loris Colombo and Alessandro Gruppuso and Paolo Natoli and Gianluca Polenta},
	title = {Likelihood Methods for {CMB} Experiments},
	journal = {Frontiers in Physics}
}

@book{modern_cosmology,
    author = {Scott Dodelson and Fabian Schmidt},
    title = {Modern Cosmology},
    publisher = {Academic Press (An imprint of Elsevier)},
    year = 2020,
    isbn = {9780128159491}
}

@book{mckay,
    author = {David J. C. Mackay},
    title = {Information Theory, Inference, And Learning Algorithms},
    publisher = {New Publisher},
    year = 2021,
    isbn = 0521642981
}

@misc{nsb_prior,
      title={Entropy and inference, revisited}, 
      author={Ilya Nemenman and Fariel Shafee and William Bialek},
      year={2002},
      eprint={physics/0108025},
      archivePrefix={arXiv},
      primaryClass={physics.data-an}
}

@misc{noninformative_priors,
    title = {Lost Causes in Statistics II: Noninformative Priors},
    author = {Larry Wasserman},
    url = {https://normaldeviate.wordpress.com/2013/07/13/lost-causes-in-statistics-ii-noninformative-priors/comment-page-1/},
    year = 2013
}

@article{astroabc,
	doi = {10.1016/j.ascom.2017.01.001},
	url = {https://doi.org/10.1016%2Fj.ascom.2017.01.001},
	year = 2017,
	month = apr,
	publisher = {Elsevier {BV}},
	volume = {19},
	pages = {16--22},
	author = {E. Jennings and M. Madigan},
	title = {{astroABC} : An Approximate Bayesian Computation Sequential Monte Carlo sampler for cosmological parameter estimation},
	journal = {Astronomy and Computing}
}

@book{doing_bayesian_data_analysis,
    author = {John Kruschke},
    title = {Doing Bayesian Data Analysis: A Tutorial with R, JAGS, and Stan},
    publisher = {Academic Press},
    year = 2014 
}

@misc{trotta_sito,
    url = {https://ned.ipac.caltech.edu/level5/Sept13/Trotta/Trotta_contents.html},
    author = {Roberto Trotta},
    title = {Bayes in the sky: Bayesian inference and model selection in cosmology}
}

@Inbook{jaynes_mysteries,
    author="Jaynes, E. T.",
    editor="Skilling, J.",
    title="Clearing up Mysteries --- The Original Goal",
    bookTitle="Maximum Entropy and Bayesian Methods: Cambridge, England, 1988",
    year="1989",
    publisher="Springer Netherlands",
    address="Dordrecht",
    pages="1--27",
    isbn="978-94-015-7860-8",
    doi="10.1007/978-94-015-7860-8_1",
    url="https://bayes.wustl.edu/etj/articles/cmystery.pdf"
}

@misc{trotta2017bayesian,
      title={Bayesian Methods in Cosmology}, 
      author={Roberto Trotta},
      year={2017},
      eprint={1701.01467},
      archivePrefix={arXiv},
      primaryClass={astro-ph.CO}
}

@book{data_analysis_bayesian,
    author = {D. S. Sivia and J. Skilling},
    title = {Data Analysis: A Bayesian Tutorial},
    publisher = {Oxford Science Publications},
    year = 1996
}

@article{camb,
doi = {10.1086/309179},
url = {https://dx.doi.org/10.1086/309179},
year = 2000,
month = aug,
publisher = {},
volume = {538},
number = {2},
pages = {473},
author = {Antony Lewis and Anthony Challinor and Anthony Lasenby},
title = {Efficient Computation of Cosmic Microwave Background Anisotropies in
Closed Friedmann-Robertson-Walker Models},
journal = {The Astrophysical Journal}
}

@article{class_1,
       author = {{Lesgourgues}, Julien},
        title = "{The Cosmic Linear Anisotropy Solving System (CLASS) I: Overview}",
      journal = {arXiv e-prints},
     keywords = {Astrophysics - Instrumentation and Methods for Astrophysics, Astrophysics - Cosmology and Extragalactic Astrophysics},
         year = 2011,
        month = apr,
          eid = {arXiv:1104.2932},
        pages = {arXiv:1104.2932},
          doi = {10.48550/arXiv.1104.2932},
archivePrefix = {arXiv},
       eprint = {1104.2932},
 primaryClass = {astro-ph.IM},
       adsurl = {https://ui.adsabs.harvard.edu/abs/2011arXiv1104.2932L},
      adsnote = {Provided by the SAO/NASA Astrophysics Data System}
}

@article{class_2,
doi = {10.1088/1475-7516/2011/07/034},
url = {https://dx.doi.org/10.1088/1475-7516/2011/07/034},
year = 2011,
month = jul,
publisher = {},
volume = {2011},
number = {07},
pages = {034},
author = {Diego Blas and  Julien Lesgourgues and  Thomas Tram},
title = {The Cosmic Linear Anisotropy Solving System (CLASS).
 Part II: Approximation schemes},
journal = {Journal of Cosmology and Astroparticle Physics}
}

@article{cosmopower_jax,
	doi = {10.21105/astro.2305.06347},
	url = {https://doi.org/10.21105%2Fastro.2305.06347},  
	year = 2023,
	month = jun,
	publisher = {The Open Journal},
	volume = {6},
	author = {Davide Piras and Alessio Spurio Mancini},
	title = {{CosmoPower}-{JAX}: high-dimensional Bayesian inference with differentiable cosmological emulators},
	journal = {The Open Journal of Astrophysics}
}
@misc{cosmopower_extra,
      title={High-accuracy emulators for observables in $\Lambda$CDM, $N_\mathrm{eff}$, $\Sigma m_\nu$, and $w$ cosmologies}, 
      author={Boris Bolliet and Alessio Spurio Mancini and J. Colin Hill and Mathew Madhavacheril and Hidde T. Jense and Erminia Calabrese and Jo Dunkley},
      year=2023,
      eprint={2303.01591},
      archivePrefix={arXiv},
      primaryClass={astro-ph.CO}
}

@book{ml_probabilistic_perspective,
    author = {Kevin P. Murphy},
    title = {Machine Learning: A Probabilistic Perspective},
    publisher = {The MIT Press},
    year = 2012,
    isbn = 0262018020
}

@book{gaussian_processes_ml,
    author = {Carl Edward Rasmussen and Christopher K. I. Williams},
    title = {Gaussian Processes for Machine Learning},
    publisher = {The MIT Press},
    year = 2005,
    isbn = 9780262182539
}

@article{whitening,
	doi = {10.1080/00031305.2016.1277159},
	url = {https://doi.org/10.1080%2F00031305.2016.1277159},
	year = 2018,
	month = jan,
	publisher = {Informa {UK} Limited},
	volume = {72},
	number = {4},
	pages = {309--314},
	author = {Agnan Kessy and Alex Lewin and Korbinian Strimmer},
	title = {Optimal Whitening and Decorrelation},
	journal = {The American Statistician}
}

@article{optuna,
      title={Optuna: A Next-generation Hyperparameter Optimization Framework}, 
      author={Takuya Akiba and Shotaro Sano and Toshihiko Yanase and Takeru Ohta and Masanori Koyama},
      year=2019,
      eprint={1907.10902},
      archivePrefix={arXiv},
      primaryClass={cs.LG}
}

@online{imperative_declarative,
    author = "Benoit Ruiz",
    title = "Declarative vs imperative programming",
    url = "https://dev.to/ruizb/declarative-vs-imperative-4a7l",
    
}

@online{functional_programming,
    author = {Microsoft Documentation},
    title = {Functional programming vs. imperative programming},
    url = {https://learn.microsoft.com/en-us/dotnet/standard/linq/functional-vs-imperative-programming}
}

@article{dark_energy_data,
	doi = {10.3847/1538-4357/aab9bb},
	url = {https://doi.org/10.3847%2F1538-4357%2Faab9bb},
	year = 2018,
	month = may,
	publisher = {American Astronomical Society},
	volume = {859},
	number = {2},
	pages = {101},
	author = {D. M. Scolnic and D. O. Jones and A. Rest and Y. C. Pan and R. Chornock and R. J. Foley and M. E. Huber and R. Kessler and G. Narayan and A. G. Riess and S. Rodney and E. Berger and D. J. Brout and P. J. Challis and M. Drout and D. Finkbeiner and R. Lunnan and R. P. Kirshner and N. E. Sanders and E. Schlafly and S. Smartt and C. W. Stubbs and J. Tonry and W. M. Wood-Vasey and M. Foley and J. Hand and E. Johnson and W. S. Burgett and K. C. Chambers and P. W. Draper and K. W. Hodapp and N. Kaiser and R. P. Kudritzki and E. A. Magnier and N. Metcalfe and F. Bresolin and E. Gall and R. Kotak and M. McCrum and K. W. Smith},
	title = {The Complete Light-curve Sample of Spectroscopically Confirmed {SNe} Ia from Pan-{STARRS}1 and Cosmological Constraints from the Combined Pantheon Sample},
	journal = {The Astrophysical Journal}
}

@article{supernovae_bhm,
	doi = {10.1111/j.1365-2966.2011.19584.x},
	url = {https://doi.org/10.1111%2Fj.1365-2966.2011.19584.x},
	year = 2011,
	month = nov,
	publisher = {Oxford University Press ({OUP})},
	volume = {418},
	number = {4},
	pages = {2308--2329},
	author = {M. C. March and R. Trotta and P. Berkes and G. D. Starkman and P. M. Vaudrevange},
	title = {Improved constraints on cosmological parameters from Type Ia supernova data},
	journal = {Monthly Notices of the Royal Astronomical Society}
}

@article{planck_2018,
	doi = {10.1051/0004-6361/201833910},
	url = {https://doi.org/10.1051%2F0004-6361%2F201833910},
	year = 2020,
	month = sep,
	publisher = {{EDP} Sciences},
	volume = {641},
	pages = {A6},
	author = {and N. Aghanim and Y. Akrami and M. Ashdown and J. Aumont and C. Baccigalupi and M. Ballardini and A. J. Banday and R. B. Barreiro and N. Bartolo and S. Basak and R. Battye and K. Benabed and J.-P. Bernard and M. Bersanelli and P. Bielewicz and J. J. Bock and J. R. Bond and J. Borrill and F. R. Bouchet and F. Boulanger and M. Bucher and C. Burigana and R. C. Butler and E. Calabrese and J.-F. Cardoso and J. Carron and A. Challinor and H. C. Chiang and J. Chluba and L. P. L. Colombo and C. Combet and D. Contreras and B. P. Crill and F. Cuttaia and P. de Bernardis and G. de Zotti and J. Delabrouille and J.-M. Delouis and E. Di Valentino and J. M. Diego and O. Dor{\'{e}
} and M. Douspis and A. Ducout and X. Dupac and S. Dusini and G. Efstathiou and F. Elsner and T. A. En{\ss}lin and H. K. Eriksen and Y. Fantaye and M. Farhang and J. Fergusson and R. Fernandez-Cobos and F. Finelli and F. Forastieri and M. Frailis and A. A. Fraisse and E. Franceschi and A. Frolov and S. Galeotta and S. Galli and K. Ganga and R. T. G{\'{e}}nova-Santos and M. Gerbino and T. Ghosh and J. Gonz{\'{a}}lez-Nuevo and K. M. G{\'{o}}rski and S. Gratton and A. Gruppuso and J. E. Gudmundsson and J. Hamann and W. Handley and F. K. Hansen and D. Herranz and S. R. Hildebrandt and E. Hivon and Z. Huang and A. H. Jaffe and W. C. Jones and A. Karakci and E. Keihänen and R. Keskitalo and K. Kiiveri and J. Kim and T. S. Kisner and L. Knox and N. Krachmalnicoff and M. Kunz and H. Kurki-Suonio and G. Lagache and J.-M. Lamarre and A. Lasenby and M. Lattanzi and C. R. Lawrence and M. Le Jeune and P. Lemos and J. Lesgourgues and F. Levrier and A. Lewis and M. Liguori and P. B. Lilje and M. Lilley and V. Lindholm and M. L{\'{o}}pez-Caniego and P. M. Lubin and Y.-Z. Ma and J. F. Mac{\'{\i}}as-P{\'{e}}rez and G. Maggio and D. Maino and N. Mandolesi and A. Mangilli and A. Marcos-Caballero and M. Maris and P. G. Martin and M. Martinelli and E. Mart{\'{\i}}nez-Gonz{\'{a}}lez and S. Matarrese and N. Mauri and J. D. McEwen and P. R. Meinhold and A. Melchiorri and A. Mennella and M. Migliaccio and M. Millea and S. Mitra and M.-A. Miville-Desch{\^{e}}nes and D. Molinari and L. Montier and G. Morgante and A. Moss and P. Natoli and H. U. N{\o}rgaard-Nielsen and L. Pagano and D. Paoletti and B. Partridge and G. Patanchon and H. V. Peiris and F. Perrotta and V. Pettorino and F. Piacentini and L. Polastri and G. Polenta and J.-L. Puget and J. P. Rachen and M. Reinecke and M. Remazeilles and A. Renzi and G. Rocha and C. Rosset and G. Roudier and J. A. Rubi{\~{n}}o-Mart{\'{\i}}n and B. Ruiz-Granados and L. Salvati and M. Sandri and M. Savelainen and D. Scott and E. P. S. Shellard and C. Sirignano and G. Sirri and L. D. Spencer and R. Sunyaev and A.-S. Suur-Uski and J. A. Tauber and D. Tavagnacco and M. Tenti and L. Toffolatti and M. Tomasi and T. Trombetti and L. Valenziano and J. Valiviita and B. Van Tent and L. Vibert and P. Vielva and F. Villa and N. Vittorio and B. D. Wandelt and I. K. Wehus and M. White and S. D. M. White and A. Zacchei and A. Zonca},
	title = {$\less$i$\greater$Planck$\less$/i$\greater$2018 results},
	journal = {Astronomy {\&}amp$\mathsemicolon$ Astrophysics}
}

% mucchio di emulators citati all'inizio di cosmopower
@article{emulator_poly_1,
    author = "Jimenez, Raul and Verde, Licia and Peiris, Hiranya and Kosowsky, Arthur",
    title = "{Fast cosmological parameter estimation from microwave background temperature and polarization power spectra}",
    eprint = "astro-ph/0404237",
    archivePrefix = "arXiv",
    doi = "10.1103/PhysRevD.70.023005",
    journal = "Phys. Rev. D",
    volume = "70",
    pages = "023005",
    year = "2004"
}
@article{emulator_poly_2,
doi = {10.1086/508342},
url = {https://dx.doi.org/10.1086/508342},
year = 2007,
month = jan,
publisher = {},
volume = {654},
number = {1},
pages = {2},
author = {William A. Fendt and Benjamin D. Wandelt},
title = {Pico: Parameters for the Impatient Cosmologist},
journal = {The Astrophysical Journal}
}
% matter power spectrum
@article{emulator_gp_matter_1,
doi = {10.1088/0004-637X/705/1/156},
url = {https://dx.doi.org/10.1088/0004-637X/705/1/156},
year = 2009,
month = oct,
publisher = {The American Astronomical Society},
volume = {705},
number = {1},
pages = {156},
author = {Katrin Heitmann and David Higdon and Martin White and Salman Habib and Brian J. Williams and Earl Lawrence and Christian Wagner},
title = {The coyote universe. II. cosmological models and precision emulation of the nonlinear matter power spectrum},
journal = {The Astrophysical Journal}
}
@article{emulator_gp_matter_2,
doi = {10.1088/0004-637X/715/1/104},
url = {https://dx.doi.org/10.1088/0004-637X/715/1/104},
year = 2010,
month = apr,
publisher = {The American Astronomical Society},
volume = {715},
number = {1},
pages = {104},
author = {Katrin Heitmann and Martin White and Christian Wagner and Salman Habib and David Higdon},
title = {The coyote universe. I. precision determination of the nonlinear matter power spectrum},
journal = {The Astrophysical Journal}
}
@article{emulator_gp_matter_3,
doi = {10.1088/0004-637X/780/1/111},
url = {https://dx.doi.org/10.1088/0004-637X/780/1/111},
year = 2013,
month = dec,
publisher = {The American Astronomical Society},
volume = {780},
number = {1},
pages = {111},
author = {Katrin Heitmann and Earl Lawrence and Juliana Kwan and Salman Habib and David Higdon},
title = {The coyote universe extended: precision emulation of the matter power spectrum},
journal = {The Astrophysical Journal}
}
@article{emulator_gp_matter_4,
doi = {10.3847/1538-4357/aa86a9},
url = {https://dx.doi.org/10.3847/1538-4357/aa86a9},
year = 2017,
month = sep,
publisher = {The American Astronomical Society},
volume = {847},
number = {1},
pages = {50},
author = {Earl Lawrence and Katrin Heitmann and Juliana Kwan and Amol Upadhye and Derek Bingham and Salman Habib and David Higdon and Adrian Pope and Hal Finkel and Nicholas Frontiere},
title = {The Mira-Titan Universe. II. Matter Power Spectrum Emulation},
journal = {The Astrophysical Journal}
}
@article{emulator_gp_matter_5,
doi = {10.1088/0004-637X/713/2/1322},
url = {https://dx.doi.org/10.1088/0004-637X/713/2/1322},
year = 2010,
month = apr,
publisher = {The American Astronomical Society},
volume = {713},
number = {2},
pages = {1322},
author = {Earl Lawrence and Katrin Heitmann and Martin White and David Higdon and Christian Wagner and Salman Habib and Brian Williams},
title = {The coyote universe. III. simulation suite and precision emulator for the nonlinear matter power spectrum},
journal = {The Astrophysical Journal}
}
@article{emulator_gp_matter_6,
	doi = {10.1103/physrevd.103.123525},
	url = {https://doi.org/10.1103%2Fphysrevd.103.123525},
	year = 2021,
	month = jun,
	publisher = {American Physical Society ({APS})},
	volume = {103},
	number = {12},
	author = {Nesar Ramachandra and Georgios Valogiannis and Mustapha Ishak and Katrin Heitmann and},
	title = {Matter Power Spectrum Emulator for f(R) Modified Gravity Cosmologies},
	journal = {Physical Review D}
}
@article{emulator_gp_matter_7,
    author = {Knabenhans, Mischa and Stadel, Joachim and Marelli, Stefano and Potter, Doug and Teyssier, Romain and Legrand, Laurent and Schneider, Aurel and Sudret, Bruno and Blot, Linda and Awan, Saeeda and Burigana, Carlo and Carvalho, Carla Sofia and Kurki-Suonio, Hannu and Sirri, Gabriele},
    title = "{Euclid preparation: II. The EuclidEmulator – a tool to compute the cosmology dependence of the nonlinear matter power spectrum}",
    journal = {Monthly Notices of the Royal Astronomical Society},
    volume = {484},
    number = {4},
    pages = {5509-5529},
    year = 2019,
    month = 01,
    issn = {0035-8711},
    doi = {10.1093/mnras/stz197},
    url = {https://doi.org/10.1093/mnras/stz197},
    eprint = {https://academic.oup.com/mnras/article-pdf/484/4/5509/27790453/stz197.pdf},
}
@ARTICLE{emulator_gp_matter_8,
       author = {{Euclid Collaboration} and {Knabenhans}, M. and {Stadel}, J. and {Potter}, D. and {Dakin}, J. and {Hannestad}, S. and {Tram}, T. and {Marelli}, S. and {Schneider}, A. and {Teyssier}, R. and {Fosalba}, P. and {Andreon}, S. and {Auricchio}, N. and {Baccigalupi}, C. and {Balaguera-Antol{\'\i}nez}, A. and {Baldi}, M. and {Bardelli}, S. and {Battaglia}, P. and {Bender}, R. and {Biviano}, A. and {Bodendorf}, C. and {Bozzo}, E. and {Branchini}, E. and {Brescia}, M. and {Burigana}, C. and {Cabanac}, R. and {Camera}, S. and {Capobianco}, V. and {Cappi}, A. and {Carbone}, C. and {Carretero}, J. and {Carvalho}, C.~S. and {Casas}, R. and {Casas}, S. and {Castellano}, M. and {Castignani}, G. and {Cavuoti}, S. and {Cledassou}, R. and {Colodro-Conde}, C. and {Congedo}, G. and {Conselice}, C.~J. and {Conversi}, L. and {Copin}, Y. and {Corcione}, L. and {Coupon}, J. and {Courtois}, H.~M. and {Da Silva}, A. and {de la Torre}, S. and {Di Ferdinando}, D. and {Duncan}, C.~A.~J. and {Dupac}, X. and {Fabbian}, G. and {Farrens}, S. and {Ferreira}, P.~G. and {Finelli}, F. and {Frailis}, M. and {Franceschi}, E. and {Galeotta}, S. and {Garilli}, B. and {Giocoli}, C. and {Gozaliasl}, G. and {Graci{\'a}-Carpio}, J. and {Grupp}, F. and {Guzzo}, L. and {Holmes}, W. and {Hormuth}, F. and {Israel}, H. and {Jahnke}, K. and {Keihanen}, E. and {Kermiche}, S. and {Kirkpatrick}, C.~C. and {Kubik}, B. and {Kunz}, M. and {Kurki-Suonio}, H. and {Ligori}, S. and {Lilje}, P.~B. and {Lloro}, I. and {Maino}, D. and {Marggraf}, O. and {Markovic}, K. and {Martinet}, N. and {Marulli}, F. and {Massey}, R. and {Mauri}, N. and {Maurogordato}, S. and {Medinaceli}, E. and {Meneghetti}, M. and {Metcalf}, B. and {Meylan}, G. and {Moresco}, M. and {Morin}, B. and {Moscardini}, L. and {Munari}, E. and {Neissner}, C. and {Niemi}, S.~M. and {Padilla}, C. and {Paltani}, S. and {Pasian}, F. and {Patrizii}, L. and {Pettorino}, V. and {Pires}, S. and {Polenta}, G. and {Poncet}, M. and {Raison}, F. and {Renzi}, A. and {Rhodes}, J. and {Riccio}, G. and {Romelli}, E. and {Roncarelli}, M. and {Saglia}, R. and {S{\'a}nchez}, A.~G. and {Sapone}, D. and {Schneider}, P. and {Scottez}, V. and {Secroun}, A. and {Serrano}, S. and {Sirignano}, C. and {Sirri}, G. and {Stanco}, L. and {Sureau}, F. and {Tallada Cresp{\'\i}}, P. and {Taylor}, A.~N. and {Tenti}, M. and {Tereno}, I. and {Toledo-Moreo}, R. and {Torradeflot}, F. and {Valenziano}, L. and {Valiviita}, J. and {Vassallo}, T. and {Viel}, M. and {Wang}, Y. and {Welikala}, N. and {Whittaker}, L. and {Zacchei}, A. and {Zucca}, E.},
        title = "{Euclid preparation: IX. EuclidEmulator2 - power spectrum emulation with massive neutrinos and self-consistent dark energy perturbations}",
      journal = {\mnras},
     keywords = {methods: numerical, methods: statistical, cosmological parameters, large-scale structure of Universe, Astrophysics - Cosmology and Nongalactic Astrophysics},
         year = 2021,
        month = aug,
       volume = {505},
       number = {2},
        pages = {2840-2869},
          doi = {10.1093/mnras/stab1366},
archivePrefix = {arXiv},
       eprint = {2010.11288},
 primaryClass = {astro-ph.CO},
       adsurl = {https://ui.adsabs.harvard.edu/abs/2021MNRAS.505.2840E},
      adsnote = {Provided by the SAO/NASA Astrophysics Data System}
}
@article{emulator_gp_matter_9,
    author = {Ho, Ming-Feng and Bird, Simeon and Shelton, Christian R},
    title = "{Multifidelity emulation for the matter power spectrum using Gaussian processes}",
    journal = {Monthly Notices of the Royal Astronomical Society},
    volume = {509},
    number = {2},
    pages = {2551-2565},
    year = 2021,
    month = 10,
    issn = {0035-8711},
    doi = {10.1093/mnras/stab3114},
    url = {https://doi.org/10.1093/mnras/stab3114},
    eprint = {https://academic.oup.com/mnras/article-pdf/509/2/2551/41227601/stab3114.pdf},
}
@article{emulator_gp_matter_10,
title = {Kernel-based emulator for the 3D matter power spectrum from CLASS},
journal = {Astronomy and Computing},
volume = {38},
pages = {100508},
year = 2022,
issn = {2213-1337},
doi = {https://doi.org/10.1016/j.ascom.2021.100508},
url = {https://www.sciencedirect.com/science/article/pii/S2213133721000627},
author = {A. Mootoovaloo and A.H. Jaffe and A.F. Heavens and F. Leclercq},
keywords = {Kernel, Gaussian Process, Emulation, Large scale structures}
}
% cosmic shear band powers gp
@article{emulator_gp_cosmic_shear_band_powers,
    author = {Mootoovaloo, Arrykrishna and Heavens, Alan F and Jaffe, Andrew H and Leclercq, Florent},
    title = "{Parameter inference for weak lensing using Gaussian Processes and MOPED}",
    journal = {Monthly Notices of the Royal Astronomical Society},
    volume = {497},
    number = {2},
    pages = {2213-2226},
    year = 2020,
    month = 07,
    issn = {0035-8711},
    doi = {10.1093/mnras/staa2102},
    url = {https://doi.org/10.1093/mnras/staa2102},
    eprint = {https://academic.oup.com/mnras/article-pdf/497/2/2213/33569325/staa2102.pdf},
}
% Lyman-alpha forest flux power spectrum gp
@article{emulator_gp_lyman_1,
doi = {10.1088/1475-7516/2019/02/050},
url = {https://dx.doi.org/10.1088/1475-7516/2019/02/050},
year = 2019,
month = feb,
publisher = {},
volume = {2019},
number = {02},
pages = {050},
author = {Simeon Bird and Keir K. Rogers and Hiranya V. Peiris and Licia Verde and Andreu Font-Ribera and Andrew Pontzen},
title = {An emulator for the Lyman-α forest},
journal = {Journal of Cosmology and Astroparticle Physics}
}
@article{emulator_gp_lyman_2,
doi = {10.1088/1475-7516/2019/02/031},
url = {https://dx.doi.org/10.1088/1475-7516/2019/02/031},
year = 2019,
month = feb,
publisher = {},
volume = {2019},
number = {02},
pages = {031},
author = {Keir K. Rogers and Hiranya V. Peiris and Andrew Pontzen and Simeon Bird and Licia Verde and Andreu Font-Ribera},
title = {Bayesian emulator optimisation for cosmology: application to the Lyman-alpha forest},
journal = {Journal of Cosmology and Astroparticle Physics}
}
% neural networks matter power spectra
@article{emulator_nn_matter_1,
       author = {{Auld}, T. and {Bridges}, M. and {Hobson}, M.~P. and {Gull}, S.~F.},
        title = "{Fast cosmological parameter estimation using neural networks}",
      journal = {\mnras},
     keywords = {methods: data analysis, methods: statistical, cosmology: cosmic microwave background, Astrophysics},
         year = 2007,
        month = mar,
       volume = {376},
       number = {1},
        pages = {L11-L15},
          doi = {10.1111/j.1745-3933.2006.00276.x},
archivePrefix = {arXiv},
       eprint = {astro-ph/0608174},
 primaryClass = {astro-ph},
       adsurl = {https://ui.adsabs.harvard.edu/abs/2007MNRAS.376L..11A},
      adsnote = {Provided by the SAO/NASA Astrophysics Data System}
}
@article{emulator_nn_matter_2,
    author = {Auld, T. and Bridges, M. and Hobson, M. P.},
    title = "{cosmonet: fast cosmological parameter estimation in non-flat models using neural networks}",
    journal = {Monthly Notices of the Royal Astronomical Society},
    volume = {387},
    number = {4},
    pages = {1575-1582},
    year = 2008,
    month = 07,
    issn = {0035-8711},
    doi = {10.1111/j.1365-2966.2008.13279.x},
    url = {https://doi.org/10.1111/j.1365-2966.2008.13279.x},
    eprint = {https://academic.oup.com/mnras/article-pdf/387/4/1575/3807229/mnras0387-1575.pdf},
}
@article{emulator_nn_matter_3,
    author = {Agarwal, Shankar and Abdalla, Filipe B. and Feldman, Hume A. and Lahav, Ofer and Thomas, Shaun A.},
    title = "{PkANN — I. Non-linear matter power spectrum interpolation through artificial neural networks}",
    journal = {Monthly Notices of the Royal Astronomical Society},
    volume = {424},
    number = {2},
    pages = {1409-1418},
    year = 2012,
    month = 08,
    issn = {0035-8711},
    doi = {10.1111/j.1365-2966.2012.21326.x},
    url = {https://doi.org/10.1111/j.1365-2966.2012.21326.x},
    eprint = {https://academic.oup.com/mnras/article-pdf/424/2/1409/3209242/424-2-1409.pdf},
}
@article{emulator_nn_matter_4,
    author = {Agarwal, Shankar and Abdalla, Filipe B. and Feldman, Hume A. and Lahav, Ofer and Thomas, Shaun A.},
    title = "{pkann – II. A non-linear matter power spectrum interpolator developed using artificial neural networks}",
    journal = {Monthly Notices of the Royal Astronomical Society},
    volume = {439},
    number = {2},
    pages = {2102-2121},
    year = 2014,
    month = 02,
    issn = {0035-8711},
    doi = {10.1093/mnras/stu090},
    url = {https://doi.org/10.1093/mnras/stu090},
    eprint = {https://academic.oup.com/mnras/article-pdf/439/2/2102/18473172/stu090.pdf},
}
@article{emulator_nn_matter_5,
       author = {{Angulo}, Raul E. and {Zennaro}, Matteo and {Contreras}, Sergio and {Aric{\`o}}, Giovanni and {Pellejero-Iba{\~n}ez}, Marcos and {St{\"u}cker}, Jens},
        title = "{The BACCO simulation project: exploiting the full power of large-scale structure for cosmology}",
      journal = {\mnras},
     keywords = {methods: numerical, cosmological parameters, large-scale structure of Universe, Astrophysics - Cosmology and Nongalactic Astrophysics, Astrophysics - Astrophysics of Galaxies},
         year = 2021,
        month = nov,
       volume = {507},
       number = {4},
        pages = {5869-5881},
          doi = {10.1093/mnras/stab2018},
archivePrefix = {arXiv},
       eprint = {2004.06245},
 primaryClass = {astro-ph.CO},
       adsurl = {https://ui.adsabs.harvard.edu/abs/2021MNRAS.507.5869A},
      adsnote = {Provided by the SAO/NASA Astrophysics Data System}
}
@article{emulator_nn_matter_6,
       author = {{Aric{\`o}}, Giovanni and {Angulo}, Raul E. and {Zennaro}, Matteo},
        title = "{Accelerating Large-Scale-Structure data analyses by emulating Boltzmann solvers and Lagrangian Perturbation Theory}",
      journal = {arXiv e-prints},
     keywords = {Astrophysics - Cosmology and Nongalactic Astrophysics},
         year = 2021,
        month = apr,
          eid = {arXiv:2104.14568},
        pages = {arXiv:2104.14568},
          doi = {10.48550/arXiv.2104.14568},
archivePrefix = {arXiv},
       eprint = {2104.14568},
 primaryClass = {astro-ph.CO},
       adsurl = {https://ui.adsabs.harvard.edu/abs/2021arXiv210414568A},
      adsnote = {Provided by the SAO/NASA Astrophysics Data System}
}
% neural network angular power spectra of LSS observables
@article{emulator_nn_angular_lss,
    author = {Manrique-Yus, Andrea and Sellentin, Elena},
    title = "{Euclid-era cosmology for everyone: neural net assisted MCMC sampling for the joint 3 × 2 likelihood}",
    journal = {Monthly Notices of the Royal Astronomical Society},
    volume = {491},
    number = {2},
    pages = {2655-2663},
    year = 2019,
    month = 11,
    issn = {0035-8711},
    doi = {10.1093/mnras/stz3059},
    url = {https://doi.org/10.1093/mnras/stz3059},
    eprint = {https://academic.oup.com/mnras/article-pdf/491/2/2655/31221767/stz3059.pdf},
}
% neural networks to accelerate parts of power spectra computations within the Boltzmann code Class
@article{emulator_nn_boltzmann,
doi = {10.1088/1475-7516/2019/09/028},
url = {https://dx.doi.org/10.1088/1475-7516/2019/09/028},
year = 2019,
month = sep,
publisher = {},
volume = 2019,
number = 09,
pages = 028,
author = {Jasper Albers and Christian Fidler and Julien Lesgourgues and Nils Schöneberg and Jesus Torrado},
title = {CosmicNet. Part I. Physics-driven implementation of neural networks within Einstein-Boltzmann Solvers},
journal = {Journal of Cosmology and Astroparticle Physics}
}
% nn 21 cm Power Spectrum
@article{emulator_nn_21_cm_1,
doi = {10.3847/1538-4357/aa8bb4},
url = {https://dx.doi.org/10.3847/1538-4357/aa8bb4},
year = 2017,
month = oct,
publisher = {The American Astronomical Society},
volume = {848},
number = {1},
pages = {23},
author = {Nicholas S. Kern and Adrian Liu and Aaron R. Parsons and Andrei Mesinger and Bradley Greig},
title = {Emulating Simulations of Cosmic Dawn for 21 cm Power Spectrum Constraints on Cosmology, Reionization, and X-Ray Heating},
journal = {The Astrophysical Journal}
}
@article{emulator_nn_21_cm_2,
    author = {Schmit, C J and Pritchard, J R},
    title = {Emulation of reionization simulations for Bayesian inference of astrophysics parameters using neural networks},
    journal = {Monthly Notices of the Royal Astronomical Society},
    volume = {475},
    number = {1},
    pages = {1213-1223},
    year = 2017,
    month = 12,
    issn = {0035-8711},
    doi = {10.1093/mnras/stx3292},
    url = {https://doi.org/10.1093/mnras/stx3292},
    eprint = {https://academic.oup.com/mnras/article-pdf/475/1/1213/23565018/stx3292.pdf},
}
@article{emulator_nn_21_cm_3,
       author = {{Bevins}, H.~T.~J. and {Handley}, W.~J. and {Fialkov}, A. and {de Lera Acedo}, E. and {Javid}, K.},
        title = "{GLOBALEMU: a novel and robust approach for emulating the sky-averaged 21-cm signal from the cosmic dawn and epoch of reionization}",
      journal = {\mnras},
     keywords = {early Universe, reionization, first stars, dark ages, software: data analysis, software: simulations, Astrophysics - Cosmology and Nongalactic Astrophysics, Astrophysics - Instrumentation and Methods for Astrophysics},
         year = 2021,
        month = dec,
       volume = {508},
       number = {2},
        pages = {2923-2936},
          doi = {10.1093/mnras/stab2737},
archivePrefix = {arXiv},
       eprint = {2104.04336},
 primaryClass = {astro-ph.CO},
       adsurl = {https://ui.adsabs.harvard.edu/abs/2021MNRAS.508.2923B},
      adsnote = {Provided by the SAO/NASA Astrophysics Data System}
}










